@inproceedings {corfu,
  	author = "M. Balakrishnan, and D. Malkhi, and V. Prabhakaran, and T. Wobber, and M. Wei, and J. D. Davis",
  	title = "CORFU: A {S}hared {L}og {D}esign for {F}lash {C}lusters",
  	booktitle = {NSDI 2011}
}

@inproceedings{fawn,
   author = {David G. Andersen and Jason Franklin and Michael Kaminsky and
	Amar Phanishayee and Lawrence Tan and Vijay Vasudevan},
   title = {{FAWN}: A Fast Array of Wimpy Nodes},
   booktitle = {{Proc. 22nd ACM Symposium on Operating Systems Principles
	(SOSP)}},
   address = {Big Sky, {MT}},
   month = oct,
   year = {2009}
}