@inproceedings {corfu,
  	author = "M. Balakrishnan, and D. Malkhi, and V. Prabhakaran, and T. Wobber, and M. Wei, and J. D. Davis",
  	title = "CORFU: A {S}hared {L}og {D}esign for {F}lash {C}lusters",
  	booktitle = {NSDI 2011}
}

@inproceedings{fawn,
   author = {David G. Andersen and Jason Franklin and Michael Kaminsky and
	Amar Phanishayee and Lawrence Tan and Vijay Vasudevan},
   title = {{FAWN}: A Fast Array of Wimpy Nodes},
   booktitle = {{Proc. 22nd ACM Symposium on Operating Systems Principles
	(SOSP)}},
   address = {Big Sky, {MT}},
   month = oct,
   year = {2009}
}

@inproceedings{tango,
  added-at = {2013-10-17T00:00:00.000+0200},
  author = {Balakrishnan, Mahesh and Malkhi, Dahlia and Wobber, Ted and Wu, Ming and Prabhakaran, Vijayan and Wei, Michael and Davis, John D. and Rao, Sriram and Zou, Tao and Zuck, Aviad},
  biburl = {http://www.bibsonomy.org/bibtex/2de0d148f0549419ce52c459d1c9c46e9/dblp},
  booktitle = {SOSP},
  crossref = {conf/sosp/2013},
  editor = {Kaminsky, Michael and Dahlin, Mike},
  ee = {http://doi.acm.org/10.1145/2517349.2522732},
  interhash = {e82df5436aca933de93a82e2f80a1279},
  intrahash = {de0d148f0549419ce52c459d1c9c46e9},
  isbn = {978-1-4503-2388-8},
  keywords = {dblp},
  pages = {325-340},
  publisher = {ACM},
  timestamp = {2013-10-17T00:00:00.000+0200},
  title = {Tango: distributed data structures over a shared log.},
  url = {http://dblp.uni-trier.de/db/conf/sosp/sosp2013.html#BalakrishnanMWWPWDRZZ13},
  year = 2013
}

@MISC{seneca,
    author = {Minwen Ji and Alistair Veitch and John Wilkes},
    title = {Seneca: Remote Mirroring Done Write},
    year = {2003}
}

@inproceedings{dynamo,
 author = {DeCandia, Giuseppe and Hastorun, Deniz and Jampani, Madan and Kakulapati, Gunavardhan and Lakshman, Avinash and Pilchin, Alex and Sivasubramanian, Swaminathan and Vosshall, Peter and Vogels, Werner},
 title = {Dynamo: Amazon's Highly Available Key-value Store},
 booktitle = {Proceedings of Twenty-first ACM SIGOPS Symposium on Operating Systems Principles},
 series = {SOSP '07},
 year = {2007},
 isbn = {978-1-59593-591-5},
 location = {Stevenson, Washington, USA},
 pages = {205--220},
 numpages = {16},
 url = {http://doi.acm.org/10.1145/1294261.1294281},
 doi = {10.1145/1294261.1294281},
 acmid = {1294281},
 publisher = {ACM},
 address = {New York, NY, USA},
 keywords = {performance, reliability, scalability},
} 

@inproceedings{memcached,
 author = {Nishtala, Rajesh and Fugal, Hans and Grimm, Steven and Kwiatkowski, Marc and Lee, Herman and Li, Harry C. and McElroy, Ryan and Paleczny, Mike and Peek, Daniel and Saab, Paul and Stafford, David and Tung, Tony and Venkataramani, Venkateshwaran},
 title = {Scaling Memcache at Facebook},
 booktitle = {Proceedings of the 10th USENIX Conference on Networked Systems Design and Implementation},
 series = {nsdi'13},
 year = {2013},
 location = {Lombard, IL},
 pages = {385--398},
 numpages = {14},
 url = {http://dl.acm.org/citation.cfm?id=2482626.2482663},
 acmid = {2482663},
 publisher = {USENIX Association},
 address = {Berkeley, CA, USA},
} 







